<?xml version="1.0" encoding="UTF-8"?>
<collection xmlns:xsi="http://www.w3.org/2001/XMLSchema-instance" xsi:schemaLocation="http://www.loc.gov/MARC21/slim http://www.loc.gov/standards/marcxml/schema/MARC21slim.xsd" xmlns="http://www.loc.gov/MARC21/slim">
<record>
  <leader>01300cam a22003011a 4500</leader>
  <controlfield tag="001">5356663</controlfield>
  <controlfield tag="003">NNC</controlfield>
  <controlfield tag="005">20140722151732.0</controlfield>
  <controlfield tag="008">860115s1978    ir           f000 0 ara  </controlfield>
  <datafield tag="010" ind1=" " ind2=" ">
    <subfield code="a">   80969892 </subfield>
  </datafield>
  <datafield tag="035" ind1=" " ind2=" ">
    <subfield code="a">(OCoLC)ocm13025631</subfield>
  </datafield>
  <datafield tag="035" ind1=" " ind2=" ">
    <subfield code="a">(NNC)5356663</subfield>
  </datafield>
  <datafield tag="040" ind1=" " ind2=" ">
    <subfield code="a">DLC</subfield>
    <subfield code="c">OSU</subfield>
    <subfield code="d">DLC</subfield>
  </datafield>
  <datafield tag="050" ind1="0" ind2="0">
    <subfield code="a">BC34</subfield>
    <subfield code="b">.I26 1978</subfield>
  </datafield>
  <datafield tag="100" ind1="0" ind2=" ">
    <subfield code="a">Ibn al-Muqaffaʻ,</subfield>
    <subfield code="d">-approximately 760.</subfield>
  </datafield>
  <datafield tag="245" ind1="1" ind2="3">
    <subfield code="a">al-Manṭiq /</subfield>
    <subfield code="c">li-Ibn al-Muqaffaʻ. Ḥudūd al-manṭiq / li-Ibn Bihrīz ; bā muqaddimah va taṣḥīḥ-i Muḥammad Taqī Dānishʹpazhūh.</subfield>
  </datafield>
  <datafield tag="260" ind1=" " ind2=" ">
    <subfield code="a">Tihrān :</subfield>
    <subfield code="b">Anjuman-i Shāhanshāhī-i Falsafah-ʾi Īrān,</subfield>
    <subfield code="c">1398 [1978]</subfield>
  </datafield>
  <datafield tag="300" ind1=" " ind2=" ">
    <subfield code="a">88, 153 p. ;</subfield>
    <subfield code="c">24 cm.</subfield>
  </datafield>
  <datafield tag="490" ind1="1" ind2=" ">
    <subfield code="a">Intishārāt-i Anjuman-i Shāhanshāhī-i Falsafah-ʾi Īrān ;</subfield>
    <subfield code="v">shumārah-i 44</subfield>
  </datafield>
  <datafield tag="500" ind1=" " ind2=" ">
    <subfield code="a">In Arabic; prefatory matter in French and Persian.</subfield>
  </datafield>
  <datafield tag="504" ind1=" " ind2=" ">
    <subfield code="a">Includes bibliographical references and indexes.</subfield>
  </datafield>
  <datafield tag="650" ind1=" " ind2="0">
    <subfield code="a">Logic</subfield>
    <subfield code="v">Early works to 1800.</subfield>
  </datafield>
  <datafield tag="600" ind1="0" ind2="0">
    <subfield code="a">Aristotle.</subfield>
  </datafield>
  <datafield tag="650" ind1=" " ind2="0">
    <subfield code="a">Logic, Medieval.</subfield>
  </datafield>
  <datafield tag="700" ind1="1" ind2=" ">
    <subfield code="a">Ibn Bihrīz, Ḥabīb,</subfield>
    <subfield code="d">1397 or 1398-1455 or 1456.</subfield>
    <subfield code="t">Ḥudūd al-manṭiq.</subfield>
    <subfield code="f">1978.</subfield>
  </datafield>
  <datafield tag="700" ind1="1" ind2=" ">
    <subfield code="a">Dānishʹpazhūh, Muḥammad Taqī.</subfield>
  </datafield>
  <datafield tag="830" ind1=" " ind2="0">
    <subfield code="a">Intishārāt-i Anjuman-i Shāhanshāhī-i Falsafah-ʼi Īrān ;</subfield>
    <subfield code="v">shumārah-ʼi 44.</subfield>
  </datafield>
  <datafield tag="955" ind1=" " ind2=" ">
    <subfield code="b">CU11952539</subfield>
    <subfield code="d">off,glx</subfield>
    <subfield code="e">BC34 .I26 1978</subfield>
  </datafield>
</record>
</collection>